@inproceedings{mirsky_2nd_2023,
	address = {Stockholm Sweden},
	title = {2nd {Workshop} on {Human}-{Interactive} {Robot} {Learning} ({HIRL})},
	isbn = {978-1-4503-9970-8},
	url = {https://dl.acm.org/doi/10.1145/3568294.3579962},
	doi = {10.1145/3568294.3579962},
	language = {en},
	urldate = {2025-05-14},
	booktitle = {Companion of the 2023 {ACM}/{IEEE} {International} {Conference} on {Human}-{Robot} {Interaction}},
	publisher = {ACM},
	author = {Mirsky, Reuth and Baraka, Kim and Kessler Faulkner, Taylor and Hart, Justin and Xiao, Xuesu and Yedidsion, Harel and Idrees, Ifrah and Gordon, Ethan K.},
	month = mar,
	year = {2023},
	note = {2 citations (Semantic Scholar/DOI) [2025-05-14]},
	pages = {947--949},
	file = {PDF:/home/shafi/Zotero/storage/BH75ACQC/Mirsky et al. - 2023 - 2nd Workshop on Human-Interactive Robot Learning (HIRL).pdf:application/pdf},
}

@inproceedings{arzate_cruz_survey_2020,
	address = {Eindhoven Netherlands},
	title = {A {Survey} on {Interactive} {Reinforcement} {Learning}: {Design} {Principles} and {Open} {Challenges}},
	isbn = {978-1-4503-6974-9},
	shorttitle = {A {Survey} on {Interactive} {Reinforcement} {Learning}},
	url = {https://dl.acm.org/doi/10.1145/3357236.3395525},
	doi = {10.1145/3357236.3395525},
	
	language = {en},
	urldate = {2025-06-22},
	booktitle = {Proceedings of the 2020 {ACM} {Designing} {Interactive} {Systems} {Conference}},
	publisher = {ACM},
	author = {Arzate Cruz, Christian and Igarashi, Takeo},
	month = jul,
	year = {2020},
	pages = {1195--1209},
	annote = {repot done

},
	file = {PDF:/home/shafi/Zotero/storage/GQBLUIFZ/Arzate Cruz and Igarashi - 2020 - A Survey on Interactive Reinforcement Learning Design Principles and Open Challenges.pdf:application/pdf},
}

@inproceedings{ambhore_comprehensive_2020,
	address = {Bangalore, India},
	title = {A {Comprehensive} {Study} on {Robot} {Learning} from {Demonstration}},
	copyright = {https://ieeexplore.ieee.org/Xplorehelp/downloads/license-information/IEEE.html},
	isbn = {978-1-7281-4167-1},
	url = {https://ieeexplore.ieee.org/document/9074946/},
	doi = {10.1109/ICIMIA48430.2020.9074946},
	language = {en},
	urldate = {2025-05-14},
	booktitle = {2020 2nd {International} {Conference} on {Innovative} {Mechanisms} for {Industry} {Applications} ({ICIMIA})},
	publisher = {IEEE},
	author = {Ambhore, Sushilkumar},
	month = mar,
	year = {2020},
	note = {10 citations (Semantic Scholar/DOI) [2025-05-14]},
	pages = {291--299},
	file = {PDF:/home/shafi/Zotero/storage/AAATTAKQ/Ambhore - 2020 - A Comprehensive Study on Robot Learning from Demonstration.pdf:application/pdf},
}

@inproceedings{lanillos_adaptive_2018,
	address = {Madrid},
	title = {Adaptive {Robot} {Body} {Learning} and {Estimation} {Through} {Predictive} {Coding}},
	isbn = {978-1-5386-8094-0},
	url = {https://ieeexplore.ieee.org/document/8593684/},
	doi = {10.1109/IROS.2018.8593684},
	language = {en},
	urldate = {2025-05-14},
	booktitle = {2018 {IEEE}/{RSJ} {International} {Conference} on {Intelligent} {Robots} and {Systems} ({IROS})},
	publisher = {IEEE},
	author = {Lanillos, Pablo and Cheng, Gordon},
	month = oct,
	year = {2018},
	note = {64 citations (Semantic Scholar/DOI) [2025-05-14]},
	pages = {4083--4090},
	file = {PDF:/home/shafi/Zotero/storage/K92X7ND2/Lanillos and Cheng - 2018 - Adaptive Robot Body Learning and Estimation Through Predictive Coding.pdf:application/pdf},
}

@article{zhao_real_2022,
	title = {A {Real} {3D} {Embodied} {Dataset} for {Robotic} {Active} {Visual} {Learning}},
	volume = {7},
	copyright = {https://ieeexplore.ieee.org/Xplorehelp/downloads/license-information/IEEE.html},
	issn = {2377-3766, 2377-3774},
	url = {https://ieeexplore.ieee.org/document/9729641/},
	doi = {10.1109/LRA.2022.3157028},
	language = {en},
	number = {3},
	urldate = {2025-05-14},
	journal = {IEEE Robotics and Automation Letters},
	author = {Zhao, Qianfan and Zhang, Lu and Wu, Lingxi and Qiao, Hong and Liu, Zhiyong},
	month = jul,
	year = {2022},
	pages = {6646--6652},
	file = {PDF:/home/shafi/Zotero/storage/6MQ4ZNYZ/Zhao et al. - 2022 - A Real 3D Embodied Dataset for Robotic Active Visual Learning.pdf:application/pdf},
}

@article{liang_robot_2024,
	title = {A {Robot} {Learning} from {Demonstration} {Method} {Based} on {Neural} {Network} and {Teleoperation}},
	volume = {49},
	issn = {2193-567X, 2191-4281},
	url = {https://link.springer.com/10.1007/s13369-023-07851-4},
	doi = {10.1007/s13369-023-07851-4},
	language = {en},
	number = {2},
	urldate = {2025-05-14},
	journal = {Arabian Journal for Science and Engineering},
	author = {Liang, Ke and Wang, Yupeng and Pan, Lei and Tang, Yu and Li, Jing and Lin, Yizhong and Pan, Mingzhang},
	month = feb,
	year = {2024},
	note = {2 citations (Semantic Scholar/DOI) [2025-05-14]},
	pages = {1659--1672},
	file = {PDF:/home/shafi/Zotero/storage/XY6KN6VB/Liang et al. - 2024 - A Robot Learning from Demonstration Method Based on Neural Network and Teleoperation.pdf:application/pdf},
}

@article{argall_survey_2009,
	title = {A survey of robot learning from demonstration},
	volume = {57},
	copyright = {https://www.elsevier.com/tdm/userlicense/1.0/},
	issn = {09218890},
	url = {https://linkinghub.elsevier.com/retrieve/pii/S0921889008001772},
	doi = {10.1016/j.robot.2008.10.024},
	language = {en},
	number = {5},
	urldate = {2025-05-14},
	journal = {Robotics and Autonomous Systems},
	author = {Argall, Brenna D. and Chernova, Sonia and Veloso, Manuela and Browning, Brett},
	month = may,
	year = {2009},
	note = {3793 citations (Semantic Scholar/DOI) [2025-05-14]},
	pages = {469--483},
	file = {PDF:/home/shafi/Zotero/storage/XQNQ7K8A/Argall et al. - 2009 - A survey of robot learning from demonstration.pdf:application/pdf},
}

@article{neto_gesture-based_2019,
	title = {Gesture-based human-robot interaction for human assistance in manufacturing},
	volume = {101},
	issn = {0268-3768, 1433-3015},
	url = {http://link.springer.com/10.1007/s00170-018-2788-x},
	doi = {10.1007/s00170-018-2788-x},
	language = {en},
	number = {1-4},
	urldate = {2025-05-14},
	journal = {The International Journal of Advanced Manufacturing Technology},
	author = {Neto, Pedro and Sim√£o, Miguel and Mendes, Nuno and Safeea, Mohammad},
	month = mar,
	year = {2019},
	note = {129 citations (Semantic Scholar/DOI) [2025-05-14]},
	pages = {119--135},
	file = {PDF:/home/shafi/Zotero/storage/XPNRVHKW/Neto et al. - 2019 - Gesture-based human-robot interaction for human assistance in manufacturing.pdf:application/pdf},
}

@inproceedings{mirsky_human-interactive_2022,
	address = {Sapporo, Japan},
	title = {Human-{Interactive} {Robot} {Learning} ({HIRL})},
	copyright = {https://doi.org/10.15223/policy-029},
	isbn = {978-1-6654-0731-1},
	url = {https://ieeexplore.ieee.org/document/9889551/},
	doi = {10.1109/HRI53351.2022.9889551},
	language = {en},
	urldate = {2025-05-14},
	booktitle = {2022 17th {ACM}/{IEEE} {International} {Conference} on {Human}-{Robot} {Interaction} ({HRI})},
	publisher = {IEEE},
	author = {Mirsky, Reuth and Baraka, Kim and Faulkner, Taylor Kessler and Hart, Justin and Yedidsion, Harel and Xiao, Xuesu},
	month = mar,
	year = {2022},
	note = {3 citations (Semantic Scholar/DOI) [2025-05-14]},
	pages = {1278--1280},
	file = {PDF:/home/shafi/Zotero/storage/PYMRL2B6/Mirsky et al. - 2022 - Human-Interactive Robot Learning (HIRL).pdf:application/pdf},
}

@article{velentza_human-robot_2022,
	title = {Human-robot interaction methodology: {Robot} teaching activity},
	volume = {9},
	issn = {22150161},
	shorttitle = {Human-robot interaction methodology},
	url = {https://linkinghub.elsevier.com/retrieve/pii/S221501612200245X},
	doi = {10.1016/j.mex.2022.101866},
	language = {en},
	urldate = {2025-05-14},
	journal = {MethodsX},
	author = {Velentza, Anna-Maria and Fachantidis, Nikolaos and Lefkos, Ioannis},
	year = {2022},
	note = {9 citations (Semantic Scholar/DOI) [2025-05-14]},
	pages = {101866},
	file = {PDF:/home/shafi/Zotero/storage/X5TDJLR6/Velentza et al. - 2022 - Human-robot interaction methodology Robot teaching activity.pdf:application/pdf},
}

@inproceedings{angleraud_human-robot_2018,
	address = {Nanjing},
	title = {Human-{Robot} {Interactive} {Learning} {Architecture} using {Ontologies} and {Symbol} {Manipulation}},
	isbn = {978-1-5386-7980-7},
	url = {https://ieeexplore.ieee.org/document/8525580/},
	doi = {10.1109/ROMAN.2018.8525580},
	language = {en},
	urldate = {2025-05-14},
	booktitle = {2018 27th {IEEE} {International} {Symposium} on {Robot} and {Human} {Interactive} {Communication} ({RO}-{MAN})},
	publisher = {IEEE},
	author = {Angleraud, Alexandre and Houbre, Quentin and Kyrki, Ville and Pieters, Roel},
	month = aug,
	year = {2018},
	note = {8 citations (Semantic Scholar/DOI) [2025-05-14]},
	pages = {384--389},
	file = {PDF:/home/shafi/Zotero/storage/RX8ESCN7/Angleraud et al. - 2018 - Human-Robot Interactive Learning Architecture using Ontologies and Symbol Manipulation.pdf:application/pdf},
}

@article{hussein_imitation_2018,
	title = {Imitation {Learning}: {A} {Survey} of {Learning} {Methods}},
	volume = {50},
	issn = {0360-0300, 1557-7341},
	shorttitle = {Imitation {Learning}},
	url = {https://dl.acm.org/doi/10.1145/3054912},
	doi = {10.1145/3054912},
	language = {en},
	number = {2},
	urldate = {2025-05-14},
	journal = {ACM Computing Surveys},
	author = {Hussein, Ahmed and Gaber, Mohamed Medhat and Elyan, Eyad and Jayne, Chrisina},
	month = mar,
	year = {2018},
	note = {400 citations (Semantic Scholar/DOI) [2025-05-14]},
	pages = {1--35},
	file = {PDF:/home/shafi/Zotero/storage/HRR2K4XS/Hussein et al. - 2018 - Imitation Learning A Survey of Learning Methods.pdf:application/pdf},
}


@article{beierling_power_2025,
	title = {The power of combined modalities in interactive robot learning},
	volume = {12},
	issn = {2296-9144},
	url = {https://www.frontiersin.org/articles/10.3389/frobt.2025.1598968/full},
	doi = {10.3389/frobt.2025.1598968},
	
	language = {en},
	urldate = {2025-08-31},
	journal = {Frontiers in Robotics and AI},
	author = {Beierling, Helen and Beierling, Robin and Vollmer, Anna-Lisa},
	month = jul,
	year = {2025},
	pages = {1598968},
	annote = {to be done
},
	file = {PDF:/home/shafi/Zotero/storage/NNPYA3GN/Beierling et al. - 2025 - The power of combined modalities in interactive robot learning.pdf:application/pdf},
}
@article{kim_intrinsic_2017,
	title = {Intrinsic interactive reinforcement learning ‚Äì {Using} error-related potentials for real world human-robot interaction},
	volume = {7},
	issn = {2045-2322},
	url = {https://www.nature.com/articles/s41598-017-17682-7},
	doi = {10.1038/s41598-017-17682-7},
	
	language = {en},
	number = {1},
	urldate = {2025-05-14},
	journal = {Scientific Reports},
	author = {Kim, Su Kyoung and Kirchner, Elsa Andrea and Stefes, Arne and Kirchner, Frank},
	month = dec,
	year = {2017},
	note = {119 citations (Semantic Scholar/DOI) [2025-05-14]},
	pages = {17562},
	file = {PDF:/home/shafi/Zotero/storage/I9PQ68QK/Kim et al. - 2017 - Intrinsic interactive reinforcement learning ‚Äì Using error-related potentials for real world human-r.pdf:application/pdf},
}

@inproceedings{tarakli_interactive_2024,
	address = {Abu Dhabi, United Arab Emirates},
	title = {Interactive {Reinforcement} {Learning} from {Natural} {Language} {Feedback}},
	copyright = {https://doi.org/10.15223/policy-029},
	isbn = {979-8-3503-7770-5},
	url = {https://ieeexplore.ieee.org/document/10803055/},
	doi = {10.1109/IROS58592.2024.10803055},
	language = {en},
	urldate = {2025-08-31},
	booktitle = {2024 {IEEE}/{RSJ} {International} {Conference} on {Intelligent} {Robots} and {Systems} ({IROS})},
	publisher = {IEEE},
	author = {Tarakli, Imene and Vinanzi, Samuele and Nuovo, Alessandro Di},
	month = oct,
	year = {2024},
	pages = {11478--11484},
	file = {PDF:/home/shafi/Zotero/storage/T5SHPZTX/Tarakli et al. - 2024 - Interactive Reinforcement Learning from Natural Language Feedback.pdf:application/pdf},
}
@article{chen_human---loop_2025,
	title = {Human-in-the-{Loop} {Robot} {Learning} for {Smart} {Manufacturing}: {A} {Human}-{Centric} {Perspective}},
	volume = {22},
	copyright = {https://creativecommons.org/licenses/by/4.0/legalcode},
	issn = {1545-5955, 1558-3783},
	shorttitle = {Human-in-the-{Loop} {Robot} {Learning} for {Smart} {Manufacturing}},
	url = {https://ieeexplore.ieee.org/document/10836893/},
	doi = {10.1109/TASE.2025.3528051},
	
	language = {en},
	urldate = {2025-08-30},
	journal = {IEEE Transactions on Automation Science and Engineering},
	author = {Chen, Hongpeng and Li, Shufei and Fan, Junming and Duan, Anqing and Yang, Chenguang and Navarro-Alarcon, David and Zheng, Pai},
	year = {2025},
	pages = {11062--11086},
	file = {PDF:/home/shafi/Zotero/storage/7VAC7ZBK/Chen et al. - 2025 - Human-in-the-Loop Robot Learning for Smart Manufacturing A Human-Centric Perspective.pdf:application/pdf},
}

@article{moreira_deep_2020,
	title = {Deep {Reinforcement} {Learning} with {Interactive} {Feedback} in a {Human}‚Äì{Robot} {Environment}},
	volume = {10},
	copyright = {https://creativecommons.org/licenses/by/4.0/},
	issn = {2076-3417},
	url = {https://www.mdpi.com/2076-3417/10/16/5574},
	doi = {10.3390/app10165574},
	
	language = {en},
	number = {16},
	urldate = {2025-08-31},
	journal = {Applied Sciences},
	author = {Moreira, Ithan and Rivas, Javier and Cruz, Francisco and Dazeley, Richard and Ayala, Angel and Fernandes, Bruno},
	month = aug,
	year = {2020},
	pages = {5574},
	annote = {to be done

},
	file = {PDF:/home/shafi/Zotero/storage/FNZ49FYE/Moreira et al. - 2020 - Deep Reinforcement Learning with Interactive Feedback in a Human‚ÄìRobot Environment.pdf:application/pdf},
}
@article{arora_survey_2021,
	title = {A survey of inverse reinforcement learning: {Challenges}, methods and progress},
	volume = {297},
	issn = {00043702},
	shorttitle = {A survey of inverse reinforcement learning},
	url = {https://linkinghub.elsevier.com/retrieve/pii/S0004370221000515},
	doi = {10.1016/j.artint.2021.103500},
	language = {en},
	urldate = {2025-08-31},
	journal = {Artificial Intelligence},
	author = {Arora, Saurabh and Doshi, Prashant},
	month = aug,
	year = {2021},
	pages = {103500},
	file = {PDF:/home/shafi/Zotero/storage/MJCZMDXK/Arora and Doshi - 2021 - A survey of inverse reinforcement learning Challenges, methods and progress.pdf:application/pdf},
}
@article{habibian_survey_2025,
	title = {A survey of communicating robot learning during human-robot interaction},
	volume = {44},
	issn = {0278-3649, 1741-3176},
	url = {https://journals.sagepub.com/doi/10.1177/02783649241281369},
	doi = {10.1177/02783649241281369},

	language = {en},
	number = {4},
	urldate = {2025-08-30},
	journal = {The International Journal of Robotics Research},
	author = {Habibian, Soheil and Alvarez Valdivia, Antonio and Blumenschein, Laura H. and Losey, Dylan P.},
	month = apr,
	year = {2025},
	pages = {665--698},
	file = {PDF:/home/shafi/Zotero/storage/YIAGASHM/Habibian et al. - 2025 - A survey of communicating robot learning during human-robot interaction.pdf:application/pdf},
}
@inproceedings{feith_advancing_2024,
	address = {New York, NY, USA},
	title = {Advancing {Interactive} {Robot} {Learning}: {A} {User} {Interface} {Leveraging} {Mixed} {Reality} and {Dual} {Quaternions}},
	copyright = {https://doi.org/10.15223/policy-029},
	isbn = {979-8-3503-6107-0},
	shorttitle = {Advancing {Interactive} {Robot} {Learning}},
	url = {https://ieeexplore.ieee.org/document/10597452/},
	doi = {10.1109/UR61395.2024.10597452},
	
	language = {en},
	urldate = {2025-05-14},
	booktitle = {2024 21st {International} {Conference} on {Ubiquitous} {Robots} ({UR})},
	publisher = {IEEE},
	author = {Feith, Nikolaus and Rueckert, Elmar},
	month = jun,
	year = {2024},
	pages = {21--26},
	annote = {to be done

},
	file = {PDF:/home/shafi/Zotero/storage/MRL22KCD/Feith and Rueckert - 2024 - Advancing Interactive Robot Learning A User Interface Leveraging Mixed Reality and Dual Quaternions.pdf:application/pdf},
}

@inproceedings{ogata_interactive_2003,
	address = {Las Vegas, Nevada, USA},
	title = {Interactive learning in human-robot collaboration},
	volume = {1},
	isbn = {978-0-7803-7860-5},
	url = {http://ieeexplore.ieee.org/document/1250622/},
	doi = {10.1109/IROS.2003.1250622},
	language = {en},
	urldate = {2025-05-14},
	booktitle = {Proceedings 2003 {IEEE}/{RSJ} {International} {Conference} on {Intelligent} {Robots} and {Systems} ({IROS} 2003) ({Cat}. {No}.{03CH37453})},
	publisher = {IEEE},
	author = {Ogata, T. and Masago, N. and Sugano, S. and {Jun Tani}},
	year = {2003},
	note = {11 citations (Semantic Scholar/DOI) [2025-05-14]},
	pages = {162--167},
	file = {PDF:/home/shafi/Zotero/storage/PDVWS6K3/Ogata et al. - 2003 - Interactive learning in human-robot collaboration.pdf:application/pdf},
}
@article{taylor_active_2021,
	title = {Active learning in robotics: {A} review of control principles},
	volume = {77},
	issn = {09574158},
	shorttitle = {Active learning in robotics},
	url = {https://linkinghub.elsevier.com/retrieve/pii/S0957415821000659},
	doi = {10.1016/j.mechatronics.2021.102576},
	
	language = {en},
	urldate = {2025-08-30},
	journal = {Mechatronics},
	author = {Taylor, Annalisa T. and Berrueta, Thomas A. and Murphey, Todd D.},
	month = aug,
	year = {2021},
	pages = {102576},
	annote = {to be done

},
	file = {PDF:/home/shafi/Zotero/storage/Z7H6LE4K/Taylor et al. - 2021 - Active learning in robotics A review of control principles.pdf:application/pdf},
}
@incollection{chetouani_interactive_2023,
	address = {Cham},
	title = {Interactive {Robot} {Learning}: {An} {Overview}},
	volume = {13500},
	isbn = {978-3-031-24348-6 978-3-031-24349-3},
	shorttitle = {Interactive {Robot} {Learning}},
	url = {https://link.springer.com/10.1007/978-3-031-24349-3_9},
	language = {en},
	urldate = {2025-05-14},
	booktitle = {Human-{Centered} {Artificial} {Intelligence}},
	publisher = {Springer International Publishing},
	author = {Chetouani, Mohamed},
	editor = {Chetouani, Mohamed and Dignum, Virginia and Lukowicz, Paul and Sierra, Carles},
	year = {2023},
	doi = {10.1007/978-3-031-24349-3_9},
	note = {Series Title: Lecture Notes in Computer Science},
	pages = {140--172},
	file = {PDF:/home/shafi/Zotero/storage/DCAKPEV2/Chetouani - 2023 - Interactive Robot Learning An Overview.pdf:application/pdf},
}

@inproceedings{ahmadzadeh_interactive_2013,
	address = {Montevideo, Uruguay},
	title = {Interactive robot learning of visuospatial skills},
	isbn = {978-1-4799-2722-7},
	url = {http://ieeexplore.ieee.org/document/6766597/},
	doi = {10.1109/ICAR.2013.6766597},
	
	language = {en},
	urldate = {2025-05-14},
	booktitle = {2013 16th {International} {Conference} on {Advanced} {Robotics} ({ICAR})},
	publisher = {IEEE},
	author = {Ahmadzadeh, Seyed Reza and Kormushev, Petar and Caldwell, Darwin G.},
	month = nov,
	year = {2013},
	note = {4 citations (Semantic Scholar/DOI) [2025-05-14]},
	pages = {1--8},
	file = {PDF:/home/shafi/Zotero/storage/VJX5ZR2F/Ahmadzadeh et al. - 2013 - Interactive robot learning of visuospatial skills.pdf:application/pdf},
}

@inproceedings{kim_interactive_2024,
	address = {Las Vegas, NV, USA},
	title = {Interactive {Robot}-{Robot} {Reinforcement} {Learning} for {Object} {Balancing} {Task}},
	copyright = {https://doi.org/10.15223/policy-029},
	isbn = {979-8-3503-2413-6},
	url = {https://ieeexplore.ieee.org/document/10444355/},
	doi = {10.1109/ICCE59016.2024.10444355},
	
	language = {en},
	urldate = {2025-05-14},
	booktitle = {2024 {IEEE} {International} {Conference} on {Consumer} {Electronics} ({ICCE})},
	publisher = {IEEE},
	author = {Kim, Yewon and Jeon, Haein and Kang, Bo-Yeong},
	month = jan,
	year = {2024},
	note = {0 citations (Semantic Scholar/DOI) [2025-05-14]},
	pages = {1--6},
	file = {PDF:/home/shafi/Zotero/storage/DR2E9YWY/Kim et al. - 2024 - Interactive Robot-Robot Reinforcement Learning for Object Balancing Task.pdf:application/pdf},
}

@inproceedings{thomaz_interactive_2010,
	address = {Atlanta Georgia USA},
	title = {Interactive robot task learning},
	isbn = {978-1-60558-930-5},
	url = {https://dl.acm.org/doi/10.1145/1753846.1753912},
	doi = {10.1145/1753846.1753912},
	language = {en},
	urldate = {2025-05-14},
	booktitle = {{CHI} '10 {Extended} {Abstracts} on {Human} {Factors} in {Computing} {Systems}},
	publisher = {ACM},
	author = {Thomaz, Andrea L. and Cakmak, Maya and Chao, Crystal and DePalma, Nicholas and Gielniak, Michael},
	month = apr,
	year = {2010},
	note = {0 citations (Semantic Scholar/DOI) [2025-05-14]},
	pages = {3037--3040},
	file = {PDF:/home/shafi/Zotero/storage/BKA48IFF/Thomaz et al. - 2010 - Interactive robot task learning.pdf:application/pdf},
}

@article{hindemith_interactive_2023,
	title = {Interactive {Robot} {Task} {Learning}: {Human} {Teaching} {Proficiency} {With} {Different} {Feedback} {Approaches}},
	volume = {15},
	copyright = {https://creativecommons.org/licenses/by/4.0/legalcode},
	issn = {2379-8920, 2379-8939},
	shorttitle = {Interactive {Robot} {Task} {Learning}},
	url = {https://ieeexplore.ieee.org/document/9811526/},
	doi = {10.1109/TCDS.2022.3186270},
	
	language = {en},
	number = {4},
	urldate = {2025-05-14},
	journal = {IEEE Transactions on Cognitive and Developmental Systems},
	author = {Hindemith, Lukas and Bruns, Oleksandra and Noller, Arthur Maximilian and Hemion, Nikolas and Schneider, Sebastian and Vollmer, Anna-Lisa},
	month = dec,
	year = {2023},
	note = {6 citations (Semantic Scholar/DOI) [2025-05-14]},
	pages = {1938--1947},
	file = {PDF:/home/shafi/Zotero/storage/YUGYKPC4/Hindemith et al. - 2023 - Interactive Robot Task Learning Human Teaching Proficiency With Different Feedback Approaches.pdf:application/pdf},
}

@inproceedings{rybski_interactive_2007,
	address = {Arlington Virginia USA},
	title = {Interactive robot task training through dialog and demonstration},
	isbn = {978-1-59593-617-2},
	url = {https://dl.acm.org/doi/10.1145/1228716.1228724},
	doi = {10.1145/1228716.1228724},
	
	language = {en},
	urldate = {2025-05-14},
	booktitle = {Proceedings of the {ACM}/{IEEE} international conference on {Human}-robot interaction},
	publisher = {ACM},
	author = {Rybski, Paul E. and Yoon, Kevin and Stolarz, Jeremy and Veloso, Manuela M},
	month = mar,
	year = {2007},
	note = {143 citations (Semantic Scholar/DOI) [2025-05-14]},
	pages = {49--56},
	file = {PDF:/home/shafi/Zotero/storage/E9W8TYTL/Rybski et al. - 2007 - Interactive robot task training through dialog and demonstration.pdf:application/pdf},
}

@article{hua_learning_2021,
	title = {Learning for a {Robot}: {Deep} {Reinforcement} {Learning}, {Imitation} {Learning}, {Transfer} {Learning}},
	volume = {21},
	copyright = {https://creativecommons.org/licenses/by/4.0/},
	issn = {1424-8220},
	shorttitle = {Learning for a {Robot}},
	url = {https://www.mdpi.com/1424-8220/21/4/1278},
	doi = {10.3390/s21041278},
	
	language = {en},
	number = {4},
	urldate = {2025-05-14},
	journal = {Sensors},
	author = {Hua, Jiang and Zeng, Liangcai and Li, Gongfa and Ju, Zhaojie},
	month = feb,
	year = {2021},
	note = {174 citations (Semantic Scholar/DOI) [2025-05-14]},
	pages = {1278},
	file = {PDF:/home/shafi/Zotero/storage/UCF7H9NW/Hua et al. - 2021 - Learning for a Robot Deep Reinforcement Learning, Imitation Learning, Transfer Learning.pdf:application/pdf},
}

@article{lin_review_2020,
	title = {A {Review} on {Interactive} {Reinforcement} {Learning} {From} {Human} {Social} {Feedback}},
	volume = {8},
	copyright = {https://creativecommons.org/licenses/by/4.0/legalcode},
	issn = {2169-3536},
	url = {https://ieeexplore.ieee.org/document/9131765/},
	doi = {10.1109/ACCESS.2020.3006254},
	
	language = {en},
	urldate = {2025-05-14},
	journal = {IEEE Access},
	author = {Lin, Jinying and Ma, Zhen and Gomez, Randy and Nakamura, Keisuke and He, Bo and Li, Guangliang},
	year = {2020},
	note = {85 citations (Semantic Scholar/DOI) [2025-05-14]},
	pages = {120757--120765},
	file = {PDF:/home/shafi/Zotero/storage/F9D5583J/Lin et al. - 2020 - A Review on Interactive Reinforcement Learning From Human Social Feedback.pdf:application/pdf},
}

@inproceedings{araki_long-term_2013,
	address = {Tokyo},
	title = {Long-term learning of concept and word by robots: {Interactive} learning framework and preliminary results},
	isbn = {978-1-4673-6358-7 978-1-4673-6357-0},
	shorttitle = {Long-term learning of concept and word by robots},
	url = {http://ieeexplore.ieee.org/document/6696675/},
	doi = {10.1109/IROS.2013.6696675},
	
	language = {en},
	urldate = {2025-05-14},
	booktitle = {2013 {IEEE}/{RSJ} {International} {Conference} on {Intelligent} {Robots} and {Systems}},
	publisher = {IEEE},
	author = {Araki, Takaya and Nakamura, Tomoaki and Nagai, Takayuki},
	month = nov,
	year = {2013},
	note = {16 citations (Semantic Scholar/DOI) [2025-05-14]},
	pages = {2280--2287},
	file = {PDF:/home/shafi/Zotero/storage/RVVSJLVE/Araki et al. - 2013 - Long-term learning of concept and word by robots Interactive learning framework and preliminary res.pdf:application/pdf},
}

@inproceedings{chernova_multi-thresholded_2008,
	address = {Amsterdam The Netherlands},
	title = {Multi-thresholded approach to demonstration selection for interactive robot learning},
	isbn = {978-1-60558-017-3},
	url = {https://dl.acm.org/doi/10.1145/1349822.1349852},
	doi = {10.1145/1349822.1349852},
	
	language = {en},
	urldate = {2025-05-14},
	booktitle = {Proceedings of the 3rd {ACM}/{IEEE} international conference on {Human} robot interaction},
	publisher = {ACM},
	author = {Chernova, Sonia and Veloso, Manuela},
	month = mar,
	year = {2008},
	note = {57 citations (Semantic Scholar/DOI) [2025-05-14]},
	pages = {225--232},
	file = {PDF:/home/shafi/Zotero/storage/JGXZ697A/Chernova and Veloso - 2008 - Multi-thresholded approach to demonstration selection for interactive robot learning.pdf:application/pdf},
}

@inproceedings{ikemoto_physical_2009,
	address = {Toyama, Japan},
	title = {Physical interaction learning: {Behavior} adaptation in cooperative human-robot tasks involving physical contact},
	isbn = {978-1-4244-5081-7},
	shorttitle = {Physical interaction learning},
	url = {http://ieeexplore.ieee.org/document/5326164/},
	doi = {10.1109/ROMAN.2009.5326164},
	
	language = {en},
	urldate = {2025-05-14},
	booktitle = {{RO}-{MAN} 2009 - {The} 18th {IEEE} {International} {Symposium} on {Robot} and {Human} {Interactive} {Communication}},
	publisher = {IEEE},
	author = {Ikemoto, Shuhei and Amor, Heni Ben and Minato, Takashi and Ishiguro, Hiroshi and Jung, Bernhard},
	month = sep,
	year = {2009},
	note = {19 citations (Semantic Scholar/DOI) [2025-05-14]},
	pages = {504--509},
	file = {PDF:/home/shafi/Zotero/storage/NGZU9UVP/Ikemoto et al. - 2009 - Physical interaction learning Behavior adaptation in cooperative human-robot tasks involving physic.pdf:application/pdf},
}

@article{billard_robot_2004,
	title = {Robot learning from demonstration},
	volume = {47},
	copyright = {https://www.elsevier.com/tdm/userlicense/1.0/},
	issn = {09218890},
	url = {https://linkinghub.elsevier.com/retrieve/pii/S0921889004000375},
	doi = {10.1016/j.robot.2004.03.001},
	language = {en},
	number = {2-3},
	urldate = {2025-05-14},
	journal = {Robotics and Autonomous Systems},
	author = {Billard, Aude and Siegwart, Roland},
	month = jun,
	year = {2004},
	note = {792 citations (Semantic Scholar/DOI) [2025-05-14]},
	pages = {65--67},
	file = {PDF:/home/shafi/Zotero/storage/SGZRLUYR/Billard and Siegwart - 2004 - Robot learning from demonstration.pdf:application/pdf},
}

@article{hu_robot_2024,
	title = {Robot {Learning} {From} {Demonstration} for {Assembly} {With} {Sequential} {Assembly} {Movement} {Primitives}},
	volume = {29},
	copyright = {https://ieeexplore.ieee.org/Xplorehelp/downloads/license-information/IEEE.html},
	issn = {1083-4435, 1941-014X},
	url = {https://ieeexplore.ieee.org/document/10358362/},
	doi = {10.1109/TMECH.2023.3336520},
	
	language = {en},
	number = {4},
	urldate = {2025-05-14},
	journal = {IEEE/ASME Transactions on Mechatronics},
	author = {Hu, Haopeng and Yan, Hengyuan and Yang, Xiansheng and Lou, Yunjiang},
	month = aug,
	year = {2024},
	note = {0 citations (Semantic Scholar/DOI) [2025-05-14]},
	pages = {2685--2696},
	file = {PDF:/home/shafi/Zotero/storage/2252WJVX/Hu et al. - 2024 - Robot Learning From Demonstration for Assembly With Sequential Assembly Movement Primitives.pdf:application/pdf},
}

@article{senft_supervised_2017,
	title = {Supervised autonomy for online learning in human-robot interaction},
	volume = {99},
	issn = {01678655},
	url = {https://linkinghub.elsevier.com/retrieve/pii/S0167865517300892},
	doi = {10.1016/j.patrec.2017.03.015},
	
	language = {en},
	urldate = {2025-05-14},
	journal = {Pattern Recognition Letters},
	author = {Senft, Emmanuel and Baxter, Paul and Kennedy, James and Lemaignan, S√©verin and Belpaeme, Tony},
	month = nov,
	year = {2017},
	note = {43 citations (Semantic Scholar/DOI) [2025-05-14]},
	pages = {77--86},
	file = {PDF:/home/shafi/Zotero/storage/YKSKRFIB/Senft et al. - 2017 - Supervised autonomy for online learning in human-robot interaction.pdf:application/pdf},
}

@inproceedings{heckmann_teaching_2009,
	address = {Toyama, Japan},
	title = {Teaching a humanoid robot: {Headset}-free speech interaction for audio-visual association learning},
	isbn = {978-1-4244-5081-7},
	shorttitle = {Teaching a humanoid robot},
	url = {http://ieeexplore.ieee.org/document/5326338/},
	doi = {10.1109/ROMAN.2009.5326338},
	
	language = {en},
	urldate = {2025-05-14},
	booktitle = {{RO}-{MAN} 2009 - {The} 18th {IEEE} {International} {Symposium} on {Robot} and {Human} {Interactive} {Communication}},
	publisher = {IEEE},
	author = {Heckmann, Martin and Brandl, Holger and Schmuedderich, Jens and Domont, Xavier and Bolder, Bram and Mikhailova, Inna and Janssen, Herbert and Gienger, Michael and Bendig, Achim and Rodemann, Tobias and Dunn, Mark and Joublin, Frank and Goerick, Christian},
	month = sep,
	year = {2009},
	pages = {422--427},
	file = {PDF:/home/shafi/Zotero/storage/IIPXKBAQ/Heckmann et al. - 2009 - Teaching a humanoid robot Headset-free speech interaction for audio-visual association learning.pdf:application/pdf},
}

@inproceedings{she_teaching_2014,
	address = {Edinburgh, UK},
	title = {Teaching {Robots} {New} {Actions} through {Natural} {Language} {Instructions}},
	isbn = {978-1-4799-6765-0 978-1-4799-6763-6},
	url = {http://ieeexplore.ieee.org/document/6926362/},
	doi = {10.1109/ROMAN.2014.6926362},
	
	language = {en},
	urldate = {2025-05-14},
	booktitle = {The 23rd {IEEE} {International} {Symposium} on {Robot} and {Human} {Interactive} {Communication}},
	publisher = {IEEE},
	author = {She, Lanbo and Cheng, Yu and Chai, Joyce Y. and Jia, Yunyi and Yang, Shaohua and Xi, Ning},
	month = aug,
	year = {2014},
	note = {48 citations (Semantic Scholar/DOI) [2025-05-14]},
	pages = {868--873},
	file = {PDF:/home/shafi/Zotero/storage/CAPQTTPF/She et al. - 2014 - Teaching Robots New Actions through Natural Language Instructions.pdf:application/pdf},
}

@inproceedings{lutkebohle_curious_2009,
	address = {Kobe},
	title = {The curious robot - {Structuring} interactive robot learning},
	isbn = {978-1-4244-2788-8},
	url = {http://ieeexplore.ieee.org/document/5152521/},
	doi = {10.1109/ROBOT.2009.5152521},
	
	language = {en},
	urldate = {2025-05-14},
	booktitle = {2009 {IEEE} {International} {Conference} on {Robotics} and {Automation}},
	publisher = {IEEE},
	author = {Lutkebohle, I. and Peltason, J. and Schillingmann, L. and Wrede, B. and Wachsmuth, S. and Elbrechter, C. and Haschke, R.},
	month = may,
	year = {2009},
	note = {56 citations (Semantic Scholar/DOI) [2025-05-14]},
	pages = {4156--4162},
	file = {PDF:/home/shafi/Zotero/storage/QBD8HJDX/Lutkebohle et al. - 2009 - The curious robot - Structuring interactive robot learning.pdf:application/pdf},
}

@inproceedings{zhou_visual_2011,
	address = {Tallinn, Estonia},
	title = {Visual information abstraction for interactive robot learning},
	isbn = {978-1-4577-1159-6 978-1-4577-1158-9 978-1-4577-1157-2},
	url = {http://ieeexplore.ieee.org/document/6088626/},
	doi = {10.1109/ICAR.2011.6088626},
	
	language = {en},
	urldate = {2025-05-14},
	booktitle = {2011 15th {International} {Conference} on {Advanced} {Robotics} ({ICAR})},
	publisher = {IEEE},
	author = {Zhou, Kai and Richtsfeld, Andreas and Zillich, Michael and Vincze, Markus and Vrecko, Alen and Skocaj, Danijel},
	month = jun,
	year = {2011},
	pages = {328--334},
	file = {PDF:/home/shafi/Zotero/storage/2CUSW622/Zhou et al. - 2011 - Visual information abstraction for interactive robot learning.pdf:application/pdf},
}

@article{akalin_reinforcement_2021,
	title = {Reinforcement {Learning} {Approaches} in {Social} {Robotics}},
	volume = {21},
	copyright = {https://creativecommons.org/licenses/by/4.0/},
	issn = {1424-8220},
	url = {https://www.mdpi.com/1424-8220/21/4/1292},
	doi = {10.3390/s21041292},
	
	language = {en},
	number = {4},
	urldate = {2025-06-16},
	journal = {Sensors},
	author = {Akalin, Neziha and Loutfi, Amy},
	month = feb,
	year = {2021},
	pages = {1292},
	file = {PDF:/home/shafi/Zotero/storage/ZLI522F5/Akalin and Loutfi - 2021 - Reinforcement Learning Approaches in Social Robotics.pdf:application/pdf},
}